%% Created using Papers on Thu, 14 Jun 2012.
%% http://mekentosj.com/papers/

@article{Bukhari:2009tc,
author = {Bukhari, SS and Shafait, F},
title = {{Dewarping of document images using coupled-snakes}},
journal = {Proc of 3rd Int Workshop on {\ldots}},
year = {2009}
}

@article{LiZhang:2008bp,
author = {Li Zhang and Yu Zhang and Chew Lim Tan},
title = {{An Improved Physically-Based Method for Geometric Restoration of Distorted Document Images}},
journal = {IEEE Transactions on Pattern Analysis and Machine Intelligence},
year = {2008},
volume = {30},
number = {4},
pages = {728--734}
}

@article{Cao:2003bh,
author = {Cao, Yang and Wang, Shuhua and Li, Heng},
title = {{Skew detection and correction in document images based on straight-line fitting}},
journal = {Pattern Recognition Letters},
year = {2003},
volume = {24},
number = {12},
pages = {1871--1879},
month = aug
}

@article{Lu:2003jy,
author = {Lu, Yue and Lim Tan, Chew},
title = {{A nearest-neighbor chain based approach to skew estimation in document images}},
journal = {Pattern Recognition Letters},
year = {2003},
volume = {24},
number = {14},
pages = {2315--2323},
month = oct
}

@article{Singh:2008jq,
author = {Singh, Chandan and Bhatia, Nitin and Kaur, Amandeep},
title = {{Hough transform based fast skew detection and accurate skew correction methods}},
journal = {Pattern Recognition},
year = {2008},
volume = {41},
number = {12},
pages = {3528--3546},
month = dec
}

@article{Zhang:2003wh,
author = {Zhang, Z and He, L},
title = {{Whiteboard scanning and image enhancement}},
year = {2003}
}

@inproceedings{Hua:2006bg,
author = {Hua, Gang and Liu, Zicheng and Zhang, Zhengyou and Wu, Ying},
title = {{Automatic Business Card Scanning with a Camera}},
booktitle = {Image Processing, 2006 IEEE International Conference on},
year = {2006},
pages = {373--376}
}

@article{RodrguezPineiroa:2011wj,
author = {Rodrıguez-Pineiroa, J and Comesana-Alfaroa, P and P{\'e}rez-Gonz{\'a}leza, F. and Malvido-Garcıad, A.},
title = {{A new method for perspective correction of document images}},
year = {2011}
}

@article{Beusekom:2010dg,
author = {Beusekom, Joost and Shafait, Faisal and Breuel, Thomas M},
title = {{Combined orientation and skew detection using geometric text-line modeling}},
journal = {International Journal of Document Analysis and Recognition (IJDAR)},
year = {2010},
volume = {13},
number = {2},
pages = {79--92},
}

@article{Hua:2006tm,
author = {Hua, G and Liu, Z and Zhang, Z and Wu, Y},
title = {{Automatic segmentation of objects of interest from an image}},
year = {2006}
}

@inproceedings{Avila:2005jx,
author = {{\'A}vila, Bruno Ten{\'o}rio and Lins, Rafael Dueire},
title = {{A fast orientation and skew detection algorithm for monochromatic document images}},
booktitle = {DocEng '05: Proceedings of the 2005 ACM symposium on Document engineering},
year = {2005},
publisher = { ACM  Request Permissions},
month = nov
}

@article{Golpardaz:2011dz,
author = {Golpardaz, M and Nezamabadi-Pour, H},
title = {{Perspective Rectification and Skew Correction in Camera-Based Farsi Document Images}},
journal = {Machine Vision and Image Processing (MVIP), 2011 7th Iranian},
year = {2011},
pages = {1--5}
}

@inproceedings{Hoiem:2005kb,
author = {Hoiem, D and Efros, A A and Hebert, M},
title = {{Geometric context from a single image}},
booktitle = {Computer Vision, 2005. ICCV 2005. Tenth IEEE International Conference on},
year = {2005},
pages = {654--661}
}

@article{Shafait:2007ue,
author = {Shafait, F and Breuel, T.M.},
title = {{Document image dewarping contest}},
journal = {2nd Int. Workshop on Camera-Based Document Analysis and Recognition, Curitiba, Brazil},
year = {2007},
pages = {181--188}
}

@article{Ulges:2005ju,
author = {Ulges, A and Lampert, C H and Breuel, T.M.},
title = {{Document image dewarping using robust estimation of curled text lines}},
journal = {Document Analysis and Recognition, 2005. Proceedings. Eighth International Conference on},
year = {2005},
pages = {1001--1005 Vol. 2}
}

@inproceedings{Ghoshal:2011dr,
author = {Ghoshal, R and Roy, A and Parui, S.K},
title = {{Recognition of Bangla text from scene images through perspective correction}},
booktitle = {Image Information Processing (ICIIP), 2011 International Conference on},
year = {2011},
pages = {1--6}
}

@article{Stamatopoulos:2009ht,
author = {Stamatopoulos, N and Gatos, B and Pratikakis, I},
title = {{A methodology for document image dewarping techniques performance evaluation}},
journal = {Document Analysis and Recognition, 2009. ICDAR'09. 10th International Conference on},
year = {2009},
pages = {956--960}
}

@inproceedings{Luo:2011go,
author = {Luo, Sanding and Fang, Xiaomin and Zhao, Cong and Luo, Yisha},
title = {{Text Line Based Correction of Distorted Document Images}},
booktitle = {Trust, Security and Privacy in Computing and Communications (TrustCom), 2011 IEEE 10th International Conference on},
year = {2011},
pages = {1494--1499}
}

@inproceedings{Ezaki:2005jc,
author = {Ezaki, H and Uchida, S and Asano, A and Sakoe, H},
title = {{Dewarping of document image by global optimization}},
booktitle = {Document Analysis and Recognition, 2005. Proceedings. Eighth International Conference on},
year = {2005},
pages = {302--306}
}

@article{Wu:2002hc,
author = {Wu, C. and Agam, G.},
title = {{Document image de-warping for text/graphics recognition}},
journal = {Structural, Syntactic, and Statistical Pattern Recognition},
year = {2002},
pages = {243--253}
}

@article{Kakumanu:2006ff,
author = {Kakumanu, P and Bourbakis, N and Black, J and Panchanathan, S},
title = {{Document Image Dewarping Based on Line Estimation for Visually Impaired}},
journal = {Tools with Artificial Intelligence, 2006. ICTAI'06. 18th IEEE International Conference on},
year = {2006},
pages = {625--631}
}

@inproceedings{Ligang:2010jw,
author = {Ligang, Miao and Jun, Chang},
title = {{A mathematic morphology approach for radial lens correction of document image}},
booktitle = {Computer Design and Applications (ICCDA), 2010 International Conference on},
year = {2010}
}

@article{Bukhari:2012fz,
author = {Bukhari, S and Shafait, F},
title = {{The IUPR Dataset of Camera-Captured Document Images}},
journal = {Camera-Based Document Analysis and {\ldots}},
year = {2012}
}

@article{Brown:2004vl,
author = {Brown, M and Seales, W},
title = {{Image restoration of arbitrarily warped documents}},
journal = {Pattern Analysis and Machine Intelligence},
year = {2004},
}

@article{Brown:2001td,
author = {Brown, M and Seales, W},
title = {{Document restoration using 3D shape}},
journal = {Proceedings of ICCV'01},
year = {2001},
}

@article{Zhang:2005dy,
author = {Zhang, L and Tan, C.L.},
title = {{Warped image restoration with applications to digital libraries}},
journal = {Document Analysis and Recognition, 2005. Proceedings. Eighth International Conference on},
year = {2005},
pages = {192--196 Vol. 1}
}

@article{Kofler:2007vu,
author = {Kofler, C and Keysers, D and Koetsier, A and Laagland, J and Breuel, T.M.},
title = {{Gestural interaction for an automatic document capture system}},
journal = {Proc. of 2nd Int. Workshop on Camera-Based Document Analysis and Recognition (CBDAR07)},
year = {2007}
}

@article{Brown:2007ti,
author = {Brown, M and Sun, M and Yang, R and Yun, L and Seales, W},
title = {{Restoring 2D Content from Distorted Documents}},
journal = {Pattern Analysis and Machine Intelligence},
year = {2007},
}

@article{Rahnemoonfar:2011ux,
author = {Rahnemoonfar, M. and Antonacopoulos, A.},
title = {{Restoration of Arbitrarily Warped Historical Document Images Using Flow Lines}},
journal = {Document Analysis and Recognition (ICDAR), 2011 International Conference on},
year = {2011},
pages = {905--909}
}

@article{Jagannathan:2005tm,
author = {Jagannathan, L and Jawahar, CV},
title = {{Perspective correction methods for camera based document analysis}},
journal = {Proceedings of the First International Workshop on Camera-based Document Analysis and Recognition (CBDAR)},
year = {2005},
pages = {148--154}
}

@article{Brown:2005uy,
author = {Brown, M and Pisula, C},
title = {{Conformal deskewing of non-planar documents}},
journal = {Computer Vision and Pattern Recognition},
year = {2005},
}

@article{Lu:2005ih,
author = {Lu, Shijian and Chen, Ben M and Ko, C C},
title = {{Perspective rectification of document images using fuzzy set and morphological operations}},
journal = {Image and Vision Computing},
year = {2005},
volume = {23},
number = {5},
pages = {541--553},
month = may
}

@article{Brown:2006vh,
author = {Brown, M and Tsoi, Y},
title = {{Geometric and shading correction for images of printed materials using boundary}},
journal = {Image Processing},
year = {2006},
}

@article{Pilu:vr,
author = {Pilu, M},
title = {{Undoing paper curl distortion using applicable surfaces}},
journal = {Computer Vision and Pattern Recognition, 2001. CVPR 2001. Proceedings of the 2001 IEEE Computer Society Conference on},
year = {2001},
volume = {1},
pages = {I--67--I--72 vol. 1}
}

@inproceedings{Yang:2011dt,
author = {Yang, Po and Antonacopoulos, Apostolos and Clausner, Christian and Pletschacher, Stefan},
title = {{Grid-based modelling and correction of arbitrarily warped historical document images for large-scale digitisation}},
booktitle = {HIP '11: Proceedings of the 2011 Workshop on Historical Document Imaging and Processing},
year = {2011},
publisher = { ACM  Request Permissions},
month = sep
}

@article{Zhang:2008kj,
author = {Zhang, W. and Li, X and Ma, X},
title = {{Perspective Correction Method for Chinese Document Images}},
journal = {Intelligent Information Technology Application Workshops, 2008. IITAW'08. International Symposium on},
year = {2008},
pages = {467--470}
}

@inproceedings{Mollah:2009kl,
author = {Mollah, A F and Basu, S and Das, N and Sarkar, R and Nasipuri, M and Kundu, M},
title = {{A Fast Skew Correction Technique for Camera Captured Business Card Images}},
booktitle = {India Conference (INDICON), 2009 Annual IEEE},
year = {2009},
pages = {1--4}
}

@article{Zhang:2007th,
author = {Zhang, L and Yip, A.M. and Tan, C.L.},
title = {{Photometric and geometric restoration of document images using inpainting and shape-from-shading}},
journal = {PROCEEDINGS OF THE NATIONAL CONFERENCE ON ARTIFICIAL INTELLIGENCE},
year = {2007},
volume = {22},
number = {2},
pages = {1121}
}

@article{Zhang:2007ej,
author = {Zhang, L and Yip, A.M. and Tan, C.L.},
title = {{A restoration framework for correcting photometric and geometric distortions in camera-based document images}},
journal = {Computer Vision, 2007. ICCV 2007. IEEE 11th International Conference on},
year = {2007},
pages = {1--8}
}

@inproceedings{Yacoub:2005gj,
author = {Yacoub, Sherif and Burns, John and Faraboschi, Paolo and Ortega, Daniel and Peiro, Jose Abad and Saxena, Vinay},
title = {{Document digitization lifecycle for complex magazine collection}},
booktitle = {DocEng '05: Proceedings of the 2005 ACM symposium on Document engineering},
year = {2005},
publisher = { ACM  Request Permissions},
month = nov
}

@article{GaofengMeng:2008dv,
author = {Gaofeng Meng and Nanning Zheng and Shaoyi Du and Yonghong Song and Yuanlin Zhang},
title = {{Shading extraction and correction for scanned book images}},
journal = {IEEE Signal Processing Letters},
year = {2008},
volume = {15},
pages = {849--852}
}

@inproceedings{Liebowitz:1998bc,
author = {Liebowitz, D and Zisserman, A},
title = {{Metric rectification for perspective images of planes}},
booktitle = {Computer Vision and Pattern Recognition, 1998. Proceedings. 1998 IEEE Computer Society Conference on},
year = {1998},
pages = {482--488}
}

@inproceedings{Landon:2008bs,
author = {Landon, George V and Seales, W Brent and Clarke, Duncan},
title = {{A new system to acquire and restore document shape and content}},
booktitle = {PROCAMS '08: Proceedings of the 5th ACM/IEEE International Workshop on Projector camera systems},
year = {2008},
publisher = { ACM  Request Permissions},
month = aug
}

@article{Bukhari:tx,
author = {Bukhari, S.S. and Shafait, F and Breuel, T.M.},
title = {{An Image Based Performance Evaluation Method for Page Dewarping Algorithms using SIFT Features}},
journal = {4th Int. Workshop on Camera Based Document Analysis and Recognition, CBDAR},
volume = {11}
}

@article{Clark:2003wf,
author = {Clark, P and Mirmehdi, M.},
title = {{Rectifying perspective views of text in 3D scenes using vanishing points}},
journal = {Pattern Recognition},
year = {2003},
volume = {36},
number = {11},
pages = {2673--2686}
}

@inproceedings{Criminisi:1999gp,
author = {Criminisi, A and Reid, I and Zisserman, A},
title = {{Single view metrology}},
booktitle = {Computer Vision, 1999. The Proceedings of the Seventh IEEE International Conference on},
year = {1999},
pages = {434--441}
}

@article{Clark:2001vj,
author = {Clark, P and Mirmehdi, M.},
title = {{Estimating the orientation and recovery of text planes in a single image}},
journal = {Proceedings of the 12th British Machine Vision Conference},
year = {2001},
pages = {421--430}
}

@article{Shafait:2008dc,
author = {Shafait, F and Keysers, D and Breuel, T.M.},
title = {{Performance Evaluation and Benchmarking of Six-Page Segmentation Algorithms}},
journal = {Pattern Analysis and Machine Intelligence, IEEE Transactions on},
year = {2008},
volume = {30},
number = {6},
pages = {941--954}
}

@article{Clark:2002wk,
author = {Clark, P and Mirmehdi, M.},
title = {{On the recovery of oriented documents from single images}},
journal = {Proceedings of ACIVS},
year = {2002},
pages = {190--197}
}

@article{Fujisawa:2008vj,
author = {Fujisawa, H},
title = {{Forty years of research in character and document recognition---an industrial perspective}},
journal = {Pattern Recognition},
year = {2008},
volume = {41},
number = {8},
pages = {2435--2446}
}

@article{JianLiang:2008ew,
author = {Jian Liang and DeMenthon, D and Doermann, D},
title = {{Geometric Rectification of Camera-Captured Document Images}},
journal = {IEEE Transactions on Pattern Analysis and Machine Intelligence},
year = {2008},
volume = {30},
number = {4},
pages = {591--605}
}

@article{Liang:2005uy,
author = {Liang, J and Doermann, D and Li, H},
title = {{Camera-based analysis of text and documents: a survey}},
journal = {International Journal on Document Analysis and Recognition},
year = {2005},
volume = {7},
number = {2},
pages = {84--104},
}

@inproceedings{Liang:2005hc,
author = {Liang, Jian and DeMenthon, D and Doermann, D},
title = {{Flattening curved documents in images}},
booktitle = {Computer Vision and Pattern Recognition, 2005. CVPR 2005. IEEE Computer Society Conference on},
year = {2005},
pages = {338--345}
}

@inproceedings{Monnier:2005jj,
author = {Monnier, C and Ablavsky, V and Holden, S and Snorrason, M},
title = {{Sequential correction of perspective warp in camera-based documents}},
booktitle = {Document Analysis and Recognition, 2005. Proceedings. Eighth International Conference on},
year = {2005},
pages = {394--398}
}

@article{Park:2005gc,
author = {Park, J H and Jang, I H and Kim, N C},
title = {{Skew correction of business card images acquired in PDA}},
journal = {IEE Proceedings - Vision, Image, and Signal Processing},
year = {2005},
volume = {152},
number = {6},
pages = {668}
}

@article{Klindt:2009ur,
author = {Klindt, M},
title = {{Automatic page frame registration of digitized text images using connected components}},
year = {2009}
}

@article{Courteille:2007vz,
author = {Courteille, F and Crouzil, A and Durou, J.D. and Gurdjos, P.},
title = {{Shape from shading for the digitization of curved documents}},
journal = {Machine Vision and Applications},
year = {2007},
volume = {18},
number = {5},
pages = {301--316}
}

@article{Pollard:2005bp,
author = {Pollard, S. and Pilu, M},
title = {{Building cameras for capturing documents}},
journal = {International Journal on Document Analysis and Recognition},
year = {2005},
volume = {7},
number = {2},
pages = {123--137}
}

@article{Shafait:2008cx,
author = {Shafait, Faisal and Beusekom, Joost and Keysers, Daniel and Breuel, Thomas M},
title = {{Document cleanup using page frame detection}},
journal = {International Journal of Document Analysis and Recognition (IJDAR)},
year = {2008},
volume = {11},
number = {2},
pages = {81--96},
month = sep
}

@article{Guillou:2000jh,
author = {Guillou, E and Meneveaux, D and Maisel, E and Bouatouch, K},
title = {{Using vanishing points for camera calibration and coarse 3D reconstruction from a single image}},
journal = {The Visual Computer},
year = {2000},
volume = {16},
number = {7},
pages = {396--410},
month = nov
}

@article{Ferilli:2011vv,
author = {Ferilli, S},
title = {{Document Image Analysis}},
journal = {Automatic Digital Document Processing and Management},
year = {2011},
pages = {145--196}
}

